@Online{BkMTS,
  author = "{Bundeskartelamt}",
  title = {Markttransparenzstelle für Kraftstoffe},
  url = {http://www.bundeskartellamt.de/DE/Wirtschaftsbereiche/Mineral%C3%B6l/MTS-Kraftstoffe/mtskraftstoffe_node.html},
  lastchecked = {2016-06-28}
}

@Online{IMTSK,
  author = "{Bundeskartelamt}",
  title = {Informationsfluss MTS-K (Entwurf)},
  url = {http://www.bundeskartellamt.de/SharedDocs/Publikation/DE/Sonstiges/MTS%20-%20Informationsfluss.pdf?__blob=publicationFile&v=6},
  lastchecked = {2016-06-29}
}

@Online{PraTa,
  author = "{Mineralölwirtschaftsverband e.V.}",
  title = {Preisbildung an Tankstellen},
  url = {http://www.mwv.de/upload/Publikationen/dateien/050_PreisbildungTS_5391wFTDpd3ZJjg.pdf},
  lastchecked = {2016-06-29}
}

@Online{Unity,
  author = "{Bundesverband mittelständischer Mineralölunternehmen e.V.}",
  title = {Stellungnahme zur aktuellen Diskussion um Tankstellenpreise},
  url = {http://www.uniti.de/cms/upload/RS/GL/GL-RS_22-12_Anlage1_3.pdf},
  lastchecked = {2016-06-29}
}

@Online{TkAPI,
  author = {Martin Kurz},
  title = {Tankerkönig API},
  url = {https://creativecommons.tankerkoenig.de/#history},
  lastchecked = {2016-06-29}
}