@misc{BkMTS,
  author = "Bundeskartelamt",
  title = "Markttransparenzstelle für Kraftstoffe",
  year = "2015",
  url = "http://www.bundeskartellamt.de/DE/Wirtschaftsbereiche/Mineral%C3%B6l/MTS-Kraftstoffe/mtskraftstoffe_node.html",
  note = "[Online; accessed:2016-06-29]"
}

@misc{IMTSK,
  author = "Bundeskartelamt",
  title = "Informationsfluss MTS-K (Entwurf)",
  year = "2015",
  url = "http://www.bundeskartellamt.de/SharedDocs/Publikation/DE/Sonstiges/MTS%20-%20Informationsfluss.pdf?__blob=publicationFile&v=6",
  note = "[Online; accessed:2016-06-29]"
}

@misc{PraTa,
  author = "{Mineralölwirtschaftsverband e.V.}",
  title = "Preisbildung an Tankstellen",
  year = "2012",
  url = "http://www.mwv.de/upload/Publikationen/dateien/050_PreisbildungTS_5391wFTDpd3ZJjg.pdf",
  note = "[Online; accessed:2016-06-29]"
}

@misc{Unity,
  author = "{Bundesverband mittelständischer Mineralölunternehmen e.V.}",
  title = "Stellungnahme zur aktuellen Diskussion um Tankstellenpreise",
  year = "2006",
  url = "http://www.uniti.de/cms/upload/RS/GL/GL-RS_22-12_Anlage1_3.pdf",
  note = "[Online; accessed:2016-06-29]"
}

@misc{TkAPI,
  author = "Martin Kurz",
  title = "Tankerkönig API",
  year = "2016",
  url = "https://creativecommons.tankerkoenig.de/#history",
  note = "[Online; accessed:2016-06-29]"
}
